/Users/ccole/repos/bibtex/DPhil Thesis.bib